@online{umap,
    author = "Leland McInnes",
    title = "Plotting UMAP",
    url  = "https://umap-learn.readthedocs.io/en/latest/plotting.html",
    addendum = "(accessed: 05.05.2021)",
    keywords = "umap"
}

@online{clustering,
    author = "Leland McInnes",
    title = "UMAP Clustering",
    url  = "https://umap-learn.readthedocs.io/en/latest/clustering.html",
    addendum = "(accessed: 05.05.2021)",
    keywords = "clustering"
}

@online{Kmeans,
    author = "Dedocoton Olivier",
    title = "Faire du Clustering avec l'algorithme K-means",
    url  = "https://ledatascientist.com/faire-du-clustering-avec-lalgorithme-k-means/",
    addendum = "(accessed: 05.05.2021)",
    keywords = "kmeans"
}

@online{Patternsig,
    author = "Pascal Poncelet",
    title = "Pattern Signatures",
    url  = "https://www.lirmm.fr/~poncelet/RN/",
    addendum = "(accessed: 05.05.2021)",
    keywords = "Signature"

}

@online{Visu,
    author = "Parul Pandey",
    title = "Visualizing Kannada MNIST with UMAP Technique",
    url  = "https://www.kaggle.com/parulpandey/part3-visualising-kannada-mnist-with-umap?scriptVersionId=0",
    addendum = "(accessed: 05.05.2021)",
    keywords = "Visualizing"
}

